@book{Roman2007Advanced,
	author = {Roman, Steven},
	edition = {3},
	year = {2007},
	month = {dec 31},
	publisher = {Springer Science \& Business Media},
	title = {Advanced {Linear} {Algebra}},
}
@book{Brezis2010Functional,
	annote = {English Translation},
	author = {Brezis, Haim},
	edition = {1},
	year = {2010},
	month = {nov 10},
	publisher = {Springer Science \& Business Media},
	title = {Functional {Analysis}, {Sobolev} {Spaces} and {Partial} {Differential} {Equations}},
}
@book{Lee2013Introduction,
	author = {Lee, John M.},
	edition = {2},
	year = {2013},
	month = {mar 9},
	publisher = {Springer Science \& Business Media},
	title = {Introduction to {Smooth} {Manifolds}},
}
@book{Lee2019Introduction,
	author = {Lee, John M.},
	edition = {2},
	year = {2019},
	month = {jan 2},
	publisher = {Springer},
	title = {Introduction to {Riemannian} {Manifolds}},
}
@book{Lang2012Real,
	author = {Lang, Serge},
	year = {2012},
	month = {dec 6},
	publisher = {Springer Science \& Business Media},
	title = {Real and {Functional} {Analysis}},
}
@book{Lang2012Fundamentals,
	author = {Lang, Serge},
	year = {2012},
	month = {dec 6},
	publisher = {Springer Science \& Business Media},
	title = {Fundamentals of {Differential} {Geometry}},
}
@book{Hofer2012Symplectic,
	author = {Hofer, Helmut and Zehnder, Eduard},
	year = {2012},
	month = {dec 6},
	publisher = {Birkh{\" a}user},
	title = {Symplectic {Invariants} and {Hamiltonian} {Dynamics}},
}
@book{Folland2013Real,
	author = {Folland, Gerald B.},
	year = {2013},
	month = {jun 11},
	publisher = {John Wiley \& Sons},
	title = {Real {Analysis}: Modern {Techniques} and {Their} {Applications}},
}
@book{Schwartz2008Mathematics,
	author = {Schwartz, Laurent},
	year = {2008},
	month = {apr 21},
	publisher = {Courier Dover Publications},
	title = {Mathematics for the {Physical} {Sciences}},
}
@book{Silva_2004, 
    title={Lectures on Symplectic Geometry},
    ISBN={9783540453307}, 
    publisher={Springer}, 
    author={Silva, Ana Cannas da}, 
    year={2004}, 
    month={Oct}
}

@book{Yosida2012, 
    title={Functional Analysis}, 
    ISBN={9783642618598}, 
    publisher={Springer Science \&\#38; Business Media}, 
    author={Yosida, KÃ¶saku}, 
    year={2012}, 
    month={Dec}
}

@book{Conway_2019, title={A course in functional analysis}, ISBN={9781475743838}, publisher={Springer}, author={Conway, John B}, year={2019}, month={Mar} }
